<record><leader>00000cas a22000007a 4500</leader><controlfield tag="001">21957406</controlfield><controlfield tag="008">900703d189u1904mouwr ne      0    0eng d</controlfield><datafield ind1=" " ind2=" " tag="010"><subfield code="a">sn 90061848 </subfield></datafield><datafield ind1=" " ind2=" " tag="040"><subfield code="a">MQN</subfield><subfield code="b">eng</subfield><subfield code="c">MQN</subfield><subfield code="d">OCLCQ</subfield></datafield><datafield ind1=" " ind2=" " tag="042"><subfield code="a">msc</subfield></datafield><datafield ind1="0" ind2="0" tag="245"><subfield code="a">Oregon County tribune.</subfield></datafield><datafield ind1=" " ind2=" " tag="260"><subfield code="a">Thayer, Mo. :</subfield><subfield code="b">O.M. Brooks</subfield></datafield><datafield ind1=" " ind2=" " tag="300"><subfield code="a">v.</subfield></datafield><datafield ind1=" " ind2=" " tag="310"><subfield code="a">Weekly</subfield></datafield><datafield ind1="1" ind2=" " tag="362"><subfield code="a">Began in 1898? Ceased in Nov. 1904.</subfield></datafield><datafield ind1=" " ind2=" " tag="588"><subfield code="a">Description based on: Vol. 2, no. 7 (Jan. 6, 1899).</subfield></datafield><datafield ind1=" " ind2=" " tag="752"><subfield code="a">United States</subfield><subfield code="b">Missouri</subfield><subfield code="c">Oregon</subfield><subfield code="d">Thayer.</subfield></datafield><datafield ind1="0" ind2="0" tag="780"><subfield code="t">Thayer tribune</subfield><subfield code="w">(DLC)sn 90061847</subfield></datafield><datafield ind1="0" ind2="7" tag="785"><subfield code="t">Thayer republican</subfield></datafield><datafield ind1="0" ind2="7" tag="785"><subfield code="t">Thayer republican-tribune</subfield><subfield code="w">(DLC)sn 90061849</subfield></datafield></record>